@String{ap     = {Academic Press, San Diego}}
@String{ch_crc = {Chapman \& Hall/CRC}}
@String{cup    = {Cambridge University Press, Cambridge, United Kingdom and New York, NY, USA}}
@String{jfm    = {J.~Fluid Mech.}}
@String{jmr    = {J.~Mar.~Res.}}
@String{jpo    = {J.~Phys.~Oceanogr.}}
@String{oup    = {Oxford University Press}}
@String{ph     = {Prentice-Hall, Inc., Englewood Cliffs, NJ, USA}}
@String{sv     = {Springer-Verlag}}

@Article{rossby38,
  author    = {C. G. Rossby},
  title     = {On the Mutual Adjustment of Pressure and Velocity Distributions in Certain Simple Current Systems, {II}},
  doi       = {10.1357/002224038806440520},
  number    = {3},
  pages     = {239--263},
  volume    = {1},
  journal   = jmr,
  month     = sep,
  publisher = {Journal of Marine Research/Yale},
  timestamp = {05Mar2021},
  year      = {1938},
}

@Book{haberman87,
  author    = {R. Haberman},
  title     = {Elementary applied partial differential equations},
  edition   = {2nd},
  publisher = ph,
  year      = {1987},
}

@Book{gill82,
  author    = {A. E. Gill},
  title     = {Atmosphere--Ocean Dynamics},
  publisher = ap,
  year      = {1982},
}

@Article{rossby37,
  author    = {C. G. Rossby},
  title     = {On the mutual adjustment of pressure and velocity distributions in certain simple current systems},
  number    = {1},
  pages     = {15--28},
  volume    = {1},
  journal   = jmr,
  timestamp = {05Mar2021},
  year      = {1937},
}

@Article{thomson1880,
  author    = {W. Thomson},
  title     = {1. {On} Gravitational Oscillations of Rotating Water},
  doi       = {10.1017/s0370164600043467},
  pages     = {92--100},
  volume    = {10},
  journal   = {Proceedings of the Royal Society of Edinburgh},
  publisher = {Cambridge University Press ({CUP})},
  timestamp = {26-Mar-2021},
  year      = {1880},
}

@Article{jones02,
  author    = {Don A. Jones},
  title     = {Mathematical analysis of geophysical balance models},
  doi       = {10.1006/jdeq.2001.4024},
  number    = {1},
  pages     = {1--26},
  volume    = {179},
  journal   = {J.~Diff.~Equations},
  month     = feb,
  publisher = {Elsevier {BV}},
  timestamp = {11-Jun-2021},
  year      = {2002},
}

@Book{pratt&whitehead08,
  author    = {L. J. Pratt and J. A. Whitehead},
  title     = {Rotating Hydraulics: Nonlinear Topographic Effects in the Ocean and Atmosphere},
  publisher = sv,
  year      = {2008},
}

@Article{taylor1922,
  author    = {G. I. Taylor},
  title     = {Tidal Oscillations in Gulfs and Rectangular Basins},
  doi       = {10.1112/plms/s2-20.1.148},
  number    = {1},
  pages     = {148--181},
  volume    = {s2-20},
  journal   = {Proceedings of the London Mathematical Society},
  publisher = {Wiley},
  timestamp = {03-Mar-2021},
  year      = {1922},
}

@Article{wajsowicz&gill86,
  author    = {R. C. Wajsowicz and A. E. Gill},
  title     = {Adjustment of the ocean under buoyancy forces. {Part I: The} role of {Kelvin} waves},
  doi       = {10.1175/1520-0485(1986)016\textless 2097:aotoub\textgreater 2.0.co;2},
  number    = {12},
  pages     = {2097--2114},
  volume    = {16},
  journal   = jpo,
  month     = dec,
  publisher = {American Meteorological Society},
  timestamp = {15-Apr-2021},
  year      = {1986},
}

@Book{gradshteyn&ryzhik00,
  author    = {I. S. Gradshteyn and I. M. Ryzhik},
  title     = {Table of integrals, series, and products},
  edition   = {sixth},
  editor    = {A. Jeffrey and D. Zwillinger},
  publisher = ap,
  year      = {2000},
}

@Book{duffy01,
  author    = {D. G. Duffy},
  title     = {Green's functions with applications},
  doi       = {10.1201/9781420034790},
  publisher = ch_crc,
  timestamp = {10Aug2020},
  year      = {2001},
}

@Book{erdelyi_etal54,
  author    = {Arthur Erdelyi and Wilhelm Magnus and Fritz Oberhettinger and Francesco G. Tricomi},
  title     = {Tables of Integral Transforms: Vol.: 2},
  publisher = {McGraw-Hill Book Company, Incorporated},
  timestamp = {18-May-2021},
  year      = {1954},
}

@Book{vallis06,
  author    = {G. K. Vallis},
  title     = {Atmospheric and Oceanic Fluid Dynamics: Fundamentals and Large-scale Circulation},
  doi       = {10.1017/cbo9780511790447},
  edition   = {1st},
  pages     = {745},
  publisher = cup,
  timestamp = {05Aug2020},
  year      = {2006},
}

@Book{salmon98,
  author    = {Rick Salmon},
  title     = {Lectures on geophysical fluid dynamics},
  doi       = {10.1093/oso/9780195108088.001.0001},
  publisher = oup,
  month     = may,
  year      = {1998},
}

@Book{zwillinger98,
  author    = {Zwillinger, Daniel},
  title     = {Handbook of differential equations},
  edition   = {3rd},
  isbn      = {978-0127843964},
  publisher = ap,
  address   = {San Diego, Calif},
  year      = {1998},
}

@Book{pedlosky13,
  author    = {Pedlosky, Joseph},
  title     = {Waves in the Ocean and Atmosphere},
  isbn      = {9783662051313},
  pagetotal = {264},
  publisher = {Springer Berlin Heidelberg},
  url       = {https://www.ebook.de/de/product/33481642/joseph_pedlosky_waves_in_the_ocean_and_atmosphere.html},
  ean       = {9783662051313},
  month     = apr,
  year      = {2013},
}

@PhdThesis{ring09,
  author = {D. Ring},
  title  = {Non-linear wave interactions in rotating stratified flow},
  note   = {166 pages},
  school = {Johns Hopkins University},
  year   = {2009},
}

@Article{gill76,
  author    = {A. E. Gill},
  title     = {Adjustment under gravity in a rotating channel},
  doi       = {10.1017/s0022112076002280},
  pages     = {603--621},
  volume    = {77},
  journal   = jfm,
  timestamp = {15Feb2021},
  year      = {1976},
}

@Book{lamb32,
  author    = {H. Lamb},
  title     = {Hydrodynamics},
  note      = {Republished, 1993},
  publisher = cup,
  year      = {1932},
}
